<?xml version="1.0" encoding="UTF-8"?><collection xmlns="http://www.loc.gov/MARC21/slim"><record><leader>00519nam--2200193-u-4500</leader><controlfield tag="001">000055736</controlfield><controlfield tag="002">20161230</controlfield><controlfield tag="005">20161230201052</controlfield><controlfield tag="008">130408s1000------------r-----000-0-eng-d</controlfield><datafield ind1=" " ind2=" " tag="020"><subfield code="a">9780470131480</subfield></datafield><datafield ind1=" " ind2=" " tag="040"><subfield code="a">IFIN-HH</subfield></datafield><datafield ind1=" " ind2=" " tag="080"><subfield code="a">539.1.074</subfield></datafield><datafield ind1="1" ind2=" " tag="100"><subfield code="a">Knoll, Glenn F</subfield></datafield><datafield ind1="1" ind2="0" tag="245"><subfield code="a">Radiation detection and measurement</subfield><subfield code="c">Glenn f. knoll</subfield></datafield><datafield ind1=" " ind2=" " tag="250"><subfield code="a">Forth Edition</subfield></datafield><datafield ind1=" " ind2=" " tag="260"><subfield code="a">Hoboken, Nj</subfield><subfield code="b">John Wiley And Sons</subfield><subfield code="c">2010</subfield></datafield><datafield ind1=" " ind2=" " tag="300"><subfield code="a">XXXVI+830P</subfield></datafield><datafield ind1=" " ind2=" " tag="852"><subfield code="a">47906</subfield><subfield code="c">539.1.07:539.1.08</subfield></datafield><datafield ind1=" " ind2=" " tag="CAT"><subfield code="a">Sys</subfield><subfield code="c">20130408</subfield><subfield code="h">131946</subfield></datafield></record></collection>